<?xml version="1.0" encoding="UTF-8"?>
<record xmlns="http://www.loc.gov/MARC21/slim" xmlns:xsi="http://www.w3.org/2001/XMLSchema-instance" xsi:schemaLocation="http://www.loc.gov/MARC21/slim http://www.loc.gov/standards/marcxml/schema/MARC21slim.xsd">
<leader>     nam a22002770  4500</leader>
<controlfield tag="001">002773053</controlfield>
<controlfield tag="003">NNU</controlfield>
<controlfield tag="005">19940713181853.0</controlfield>
<controlfield tag="008">860721s1961    su cf         000 0cara d</controlfield>
<datafield tag="035" ind1="9" ind2=" ">
<subfield code="a">NYUb10475592</subfield>
</datafield>
<datafield tag="035" ind1=" " ind2=" ">
<subfield code="a">(CStRLIN)NYUG86-B25400</subfield>
</datafield>
<datafield tag="035" ind1=" " ind2=" ">
<subfield code="a">GLIS004755929</subfield>
</datafield>
<datafield tag="040" ind1=" " ind2=" ">
<subfield code="a">NNU</subfield>
<subfield code="c">NNU</subfield>
</datafield>
<datafield tag="043" ind1=" " ind2=" ">
<subfield code="a">a-su---</subfield>
</datafield>
<datafield tag="090" ind1=" " ind2=" ">
<subfield code="i">07/21/86 CT</subfield>
</datafield>
<datafield tag="100" ind1="1" ind2=" ">
<subfield code="a">Ibn Hadhlūl, Saʻūd.</subfield>
</datafield>
<datafield tag="245" ind1="1" ind2="0">
<subfield code="a">Tārīkh mulūk Āl Saʻūd/</subfield>
<subfield code="c">taʼlīf Saʻūd Ibn Hadhlūl.</subfield>
</datafield>
<datafield tag="250" ind1=" " ind2=" ">
<subfield code="a">al-Ṭabʻah 1.</subfield>
</datafield>
<datafield tag="260" ind1=" " ind2=" ">
<subfield code="a">al-Riyāḍ:</subfield>
<subfield code="b">Maṭb̄iʻ al-Riyāḍ,</subfield>
<subfield code="c">1961.</subfield>
</datafield>
<datafield tag="300" ind1=" " ind2=" ">
<subfield code="a">5, 246 p., [4] leaves of plates :</subfield>
<subfield code="b">ports. ;</subfield>
<subfield code="c">25 cm.</subfield>
</datafield>
<datafield tag="600" ind1="0" ind2="0">
<subfield code="a">Saud,</subfield>
<subfield code="c">King of Saudi Arabia,</subfield>
<subfield code="d">1902-1969.</subfield>
</datafield>
<datafield tag="600" ind1="0" ind2="0">
<subfield code="a">Ibn Saʻūd,</subfield>
<subfield code="c">King of Saudi Arabia,</subfield>
<subfield code="d">1880-1953.</subfield>
</datafield>
<datafield tag="600" ind1="0" ind2="0">
<subfield code="a">Faisal,</subfield>
<subfield code="c">King of Saudi Arabia,</subfield>
<subfield code="d">1906-1975.</subfield>
</datafield>
<datafield tag="651" ind1=" " ind2="0">
<subfield code="a">Saudi Arabia</subfield>
<subfield code="x">History.</subfield>
</datafield>
<datafield tag="651" ind1=" " ind2="0">
<subfield code="a">Saudi Arabia</subfield>
<subfield code="x">Kings and rulers.</subfield>
</datafield>
<datafield tag="OWN" ind1=" " ind2=" ">
<subfield code="a">GENERAL</subfield>
</datafield>
<datafield tag="950" ind1=" " ind2=" ">
<subfield code="l">BMAIN</subfield>
<subfield code="a">DS244.52</subfield>
<subfield code="b">.I2 1961</subfield>
<subfield code="i">07/21/86 C</subfield>
</datafield>
<datafield tag="955" ind1=" " ind2=" ">
<subfield code="l">BMAIN</subfield>
<subfield code="c">1</subfield>
<subfield code="i">07/21/86 C</subfield>
</datafield>
<datafield tag="AVA" ind1=" " ind2=" ">
<subfield code="a">NYU50</subfield>
<subfield code="b">BOBST</subfield>
<subfield code="c">Main Collection</subfield>
<subfield code="d">DS244.52 .I2 1961</subfield>
<subfield code="e">unavailable</subfield>
<subfield code="t">Unavailable</subfield>
<subfield code="f">1</subfield>
<subfield code="g">1</subfield>
<subfield code="h">N</subfield>
<subfield code="i">2</subfield>
<subfield code="j">MAIN</subfield>
<subfield code="k">0</subfield>
</datafield>
</record>
